% Encoding: UTF-8

@InProceedings{Amundsen2016,
  author    = {Mike Amundsen},
  booktitle = {O’Reilly Software Architecture Conference in New York},
  date      = {2016-04},
  title     = {12 Patterns for Hypermedia Service Architecture},
  location  = {New York},
  note      = {[Konferenzbeitrag]},
  publisher = {O'Reilly},
  url       = {https://www.oreilly.com/content/12-patterns-for-hypermedia-service-architecture/},
}

@Book{Amundsen2017,
  author    = {Mike Amundsen},
  date      = {2017},
  title     = {RESTful Web Clients},
  location  = {Sebastopol, CA},
  publisher = {O'Reilly},
}

@Book{Bass2012,
  author    = {Len Bass and Paul Clements and Rick Kazman},
  date      = {2012},
  title     = {Software Architecture in Practice},
  edition   = {3},
  location  = {Upper Saddle River, NJ},
  publisher = {Addison Wesley},
  series    = {SEI Series in Software Engineering},
}

@Article{BernersLee1989,
  author = {Tim Berners-Lee},
  date   = {1989},
  title  = {Information Management: A Proposal},
}

@TechReport{Birbeck2010,
  author      = {Mark Birbeck and Shane McCarron},
  date        = {2010-12-16},
  institution = {W3C},
  title       = {{CURIE} Syntax 1.0},
  type        = {{W3C} Note},
}

@Article{Birrell1984,
  author    = {Andrew D. Birrell and Bruce Jay Nelson},
  date      = {1984-02},
  title     = {Implementing Remote Procedure Calls},
  number    = {1},
  pages     = {39--59},
  volume    = {2},
  journal   = {{ACM} Transactions on Computer Systems ({TOCS})},
  publisher = {Association for Computing Machinery ({ACM})},
}

@InProceedings{Blackmon2002,
  author    = {Marilyn Hughes Blackmon and Peter G. Polson and Muneo Kitajima and Clayton Lewis},
  booktitle = {Proceedings of the {SIGCHI} conference on Human factors in computing systems Changing our world, changing ourselves - {CHI} {\textquotesingle}02},
  date      = {2002},
  title     = {Cognitive Walkthrough for the Web},
  publisher = {{ACM} Press},
}

@InProceedings{Bloch2006,
  author    = {Joshua Bloch},
  booktitle = {Companion to the 21st {ACM} {SIGPLAN} conference on Object-oriented programming systems, languages, and applications - {OOPSLA} {\textquotesingle}06},
  date      = {2006},
  title     = {How to design a good {API} and why it matters},
  publisher = {{ACM} Press},
  year      = {2006},
}

@Book{Block2014,
  author    = {Glenn Block and Pablo Cibraro and Pedro Felix and Howard Dierking and Darrel Miller},
  date      = {2014-03},
  title     = {Designing Evolvable Web APIs with ASP.NET},
  location  = {Sebastopol, CA},
  publisher = {O'Reilly},
}

@Book{Bondi2015,
  author    = {André Bondi},
  date      = {2015},
  title     = {Foundations of Software and System Performance Engineering: Process, Performance Modeling, Requirements, Testing, Scalability, and Practice},
  location  = {Upper Saddle River, NJ},
  publisher = {Addison-Wesley},
}

@InProceedings{Breivold2007,
  author    = {Hongyu Pei Breivold and Ivica Crnkovic and Peter Eriksson},
  booktitle = {Proceedings of the 7th Conference on Software Engineering Research and Practice in Sweden},
  date      = {2007-02},
  title     = {Evaluating Software Evolvability},
  editor    = {Thomas Arts},
  location  = {Göteborg, Sweden},
  pages     = {96-103},
}

@InBook{Brooke1996,
  author    = {John Brooke},
  booktitle = {Usability Evaluation In Industry},
  title     = {SUS: A 'Quick and Dirty' Usability Scale},
  chapter   = {21},
  editor    = {Patrick W. Jordan and Bruce Thomas and Bernard A. Weerdmeester and Ian L. McClelland},
  location  = {London},
  publisher = {Taylor \& Francis},
  year      = {1996},
}

@Online{Byron2014,
  author  = {Lee Byron},
  date    = {2015-09-14},
  title   = {GraphQL: A data query language},
  url     = {https://engineering.fb.com/core-data/graphql-a-data-query-language/},
  note    = {[Online]},
  urldate = {2020-07-08},
}

@MastersThesis{Cederlund2016,
  author      = {Mattias Cederlund},
  date        = {2016-07},
  institution = {KTH, School of Information and Communication Technology (ICT)},
  title       = {Performance of frameworks for declarative data fetching},
  subtitle    = {An evaluation of Falcor and Relay+GraphQL},
  number      = {2016:92},
  school      = {KTH, School of Information and Communication Technology (ICT)},
  series      = {TRITA-ICT-EX},
}

@Article{Cherkasova2003,
  author       = {Ludmila Cherkasova and Yun Fu and Wenting Tang and Amin Vahdat},
  date         = {2003-11},
  journaltitle = {{ACM} Transactions on Internet Technology ({TOIT})},
  title        = {Measuring and Characterizing End-to-End Internet Service Performance},
  number       = {4},
  pages        = {347--391},
  volume       = {3},
  publisher    = {Association for Computing Machinery ({ACM})},
}

@InProceedings{Clarke2003,
  author    = {Steven Clarke and Curtis Becker},
  booktitle = {In Proceedings of the 15h Workshop of the Psychology of Programming Interest Group (PPIG 2003)},
  date      = {2003},
  title     = {Using the Cognitive Dimensions Framework to evaluate the usability of a class library},
}

@Book{Coulouris2012,
  author    = {George Coulouris and Jean Dollimore and Tim Kindberg and Gordon Blair},
  date      = {2012},
  title     = {Distributed Systems: Concepts and Design},
  edition   = {5},
  location  = {Boston},
  publisher = {Addison-Wesley},
}

@Manual{CSharp,
  author    = {{Microsoft Corp.}},
  date      = {2017-12},
  title     = {C\# Language Specification},
  edition   = {5},
  publisher = {Ecma International},
  series    = {Standard ECMA-334},
}

@InProceedings{Drotbohm2019,
  author    = {Oliver Drotbohm},
  booktitle = {GOTO Amsterdam 2019},
  date      = {2019-06-19},
  title     = {REST beyond the Obvious},
  location  = {Amsterdam},
  note      = {[Konferenzbeitrag]},
  publisher = {GOTO Conferences},
  url       = {https://gotoams.nl/2019/sessions/802/rest-beyond-the-obvious-api-design-for-ever-evolving-systems},
}

@MastersThesis{Eizinger2017,
  author      = {Thomas Eizinger},
  date        = {2017-05-04},
  institution = {Fachhochschule Technikum Wien},
  title       = {API Design in Distributed Systems: A Comparison between GraphQL and REST},
}

@Manual{Facebook2018,
  author    = {Lee Byron and {Mitwirkende}},
  date      = {2018-06-10},
  title     = {GraphQL},
  edition   = {June 2018},
  note      = {[Online]},
  publisher = {GraphQL Foundation},
  url       = {http://spec.graphql.org/June2018/},
  urldate   = {2020-07-22},
}

@PhdThesis{Fielding2000,
  author      = {Roy T. Fielding and Richard N. Taylor},
  date        = {2000},
  institution = {University of California, Irvine},
  title       = {Architectural Styles and the Design of Network-Based Software Architectures},
  location    = {Irvine},
  publisher   = {University of California, Irvine},
}

@Online{Fielding2008,
  author  = {Roy T. Fielding},
  date    = {2008-10-20},
  title   = {REST APIs must be hypertext-driven},
  url     = {https://roy.gbiv.com/untangled/2008/rest-apis-must-be-hypertext-driven},
  note    = {[Online]},
  urldate = {2020-07-02},
}

@InProceedings{Fielding2017,
  author    = {Roy T. Fielding and Richard N. Taylor and Justin R. Erenkrantz and Michael M. Gorlick and Jim Whitehead and Rohit Khare and Peyman Oreizy},
  booktitle = {Proceedings of the 2017 11th Joint Meeting on Foundations of Software Engineering - {ESEC}/{FSE} 2017},
  date      = {2017},
  title     = {Reflections on the {REST} architectural style and "principled design of the modern web architecture"},
  publisher = {{ACM} Press},
}

@Book{Gibson1979,
  author    = {James J. Gibson},
  date      = {1979},
  title     = {The Ecological Approach to Visual Perception},
  location  = {Boston},
  publisher = {Houghton Mifflin},
}

@Book{Giroux2020,
  author = {Marc-Andre Giroux},
  date   = {2020-03},
  title  = {Production Ready GraphQL},
}

@Article{Green1996,
  author       = {Thomas R.G. Green and Marian Petre},
  date         = {1996-06},
  journaltitle = {Journal of Visual Languages {\&} Computing},
  title        = {Usability Analysis of Visual Programming Environments: A 'Cognitive Dimensions' Framework},
  number       = {2},
  pages        = {131--174},
  volume       = {7},
  publisher    = {Elsevier},
}

@Manual{gRPC_About,
  author  = {{Google LLC}},
  title   = {About gRPC – gRPC},
  note    = {[Online]},
  url     = {https://grpc.io/about/},
  urldate = {2020-07-29},
}

@Manual{gRPC_Languages,
  author  = {{Google LLC}},
  title   = {Supported languages and platforms – gRPC},
  note    = {[Online]},
  url     = {https://grpc.io/docs/languages/},
  urldate = {2020-08-28},
}

@Manual{gRPC_Motivation,
  author  = {{Google LCC}},
  title   = {gRPC Motivation and Design Principles – gRPC},
  note    = {[Online]},
  url     = {https://grpc.io/blog/principles/},
  urldate = {2020-07-29},
}

@MastersThesis{Gustavsson2016,
  author      = {Kit Gustavsson and Erik Stenlund},
  date        = {2016-06-23},
  institution = {Department of Electrical and Information Technology, Faculty of Engineering, Lund University},
  title       = {Efficient data communication between a webclient and a cloud environment},
}

@InProceedings{Hakansson2013,
  author    = {Anne Håkansson},
  booktitle = {Proceedings of the International Conference on Frontiers in Education: Computer Science and Computer Engineering FECS'13},
  date      = {2013},
  title     = {Portal of Research Methods and Methodologies for Research Projects and Degree Projects},
  editor    = {Hamid R. Arabnia and Azita Bahrami and Victor A. Clincy and Leonidas Deligiannidis and George Jandieri},
  location  = {Las Vegas USA},
  pages     = {67-73},
  publisher = {CSREA Press},
}

@Book{Indrasiri2020,
  author    = {Kasun Indrasiri and Danesh Kuruppu},
  date      = {2020},
  title     = {gRPC: Up and Running},
  location  = {Sebastopol, CA},
  publisher = {O'Reilly},
}

@Book{Jacobson2011,
  author    = {Daniel Jacobson and Greg Brail and Dan Woods},
  date      = {2011},
  title     = {APIs: A Strategy Guide},
  location  = {Sebastopol, CA},
  publisher = {O'Reilly},
}

@Book{Jin2018,
  author    = {Brenda Jin and Saurabh Sahni and Amir Shevat},
  date      = {2018},
  title     = {Designing Web APIs},
  location  = {Sebastopol, CA},
  publisher = {O’Reilly},
}

@Manual{JMeter_TestPlan,
  author  = {{Apache Software Foundation}},
  title   = {Apache JMeter - User's Manual: Elements of a Test Plan},
  note    = {[Online]},
  url     = {https://jmeter.apache.org/usermanual/test_plan.html},
  urldate = {2020-08-02},
}

@Manual{JMeterGlossary,
  author  = {{Apache Software Foundation}},
  title   = {Apache JMeter - User's Manual: Glossary},
  note    = {[Online]},
  url     = {https://jmeter.apache.org/usermanual/glossary.html},
  urldate = {2020-08-02},
}

@Manual{JsonAPI,
  author  = {Yehuda Katz and Dan Gebhardt and Gabe Sullice and Mitwirkende},
  date    = {2015-05},
  title   = {JSON:API},
  note    = {[Online]},
  url     = {https://jsonapi.org/format/},
  urldate = {2020-08-29},
  version = {1.0},
}

@TechReport{JsonHyperSchema,
  author      = {Henry Andrews and Austin Wright},
  date        = {2019-09-17},
  institution = {IETF Secretariat},
  title       = {JSON Hyper-Schema: A Vocabulary for Hypermedia Annotation of JSON},
  number      = {draft-handrews-json-schema-hyperschema-02},
  type        = {Internet-Draft},
}

@TechReport{JsonLD,
  author      = {Gregg Kellogg and Pierre-Antoine Champin and Dave Longley},
  date        = {2020-07-16},
  institution = {W3C},
  title       = {{JSON}-LD {1.1}},
  type        = {{W3C} Recommendation},
  bibsource   = {https://w2.syronex.com/jmr/w3c-biblio},
}

@TechReport{JsonSchemaCore,
  author      = {Austin Wright and Henry Andrews and Ben Hutton and Greg Dennis},
  date        = {2019-09-17},
  institution = {IETF Secretariat},
  title       = {JSON Schema: A Media Type for Describing JSON Documents},
  number      = {draft-handrews-json-schema-02},
  type        = {Internet-Draft},
}

@TechReport{JsonSchemaValidation,
  author      = {Austin Wright and Henry Andrews and Ben Hutton},
  date        = {2019-09-17},
  institution = {IETF Secretariat},
  title       = {JSON Schema Validation: A Vocabulary for Structural Validation of JSON},
  number      = {draft-handrews-json-schema-validation-02},
  type        = {Internet-Draft},
}

@InProceedings{Kock2009,
  author    = {Estelle de Kock and Judy van Biljon and Marco Pretorius},
  booktitle = {Proceedings of the 2009 Annual Research Conference of the South African Institute of Computer Scientists and Information Technologists on - {SAICSIT} {\textquotesingle}09},
  date      = {2009},
  title     = {Usability evaluation methods: Mind the gaps},
  publisher = {{ACM} Press},
}
% Datatracker information for RFCs on the Legacy Stream is unfortunately often
% incorrect. Please correct the bibtex below based on the information in the
% actual RFC at https://rfc-editor.org/rfc/rfc2854.txt

@InCollection{Landeiro2020,
  author    = {Mafalda Isabel Landeiro and Isabel Azevedo},
  booktitle = {Software Engineering for Agile Application Development},
  title     = {Analyzing {GraphQL} Performance},
  pages     = {109--140},
  publisher = {{IGI} Global},
  year      = {2020},
}

@Book{Lauret2019,
  author    = {Arnaud Lauret},
  date      = {2019},
  title     = {The Design of Web APIs},
  location  = {Shelter Island, NY},
  publisher = {Manning},
}

@InProceedings{Law2004,
  author    = {Effie Lai-Chong Law and Ebba Thora Hvannberg},
  booktitle = {Proceedings of the third Nordic conference on Human-computer interaction - {NordiCHI} {\textquotesingle}04},
  date      = {2004},
  title     = {Analysis of Strategies for Improving and Estimating the Effectiveness of Heuristic Evaluation},
  publisher = {{ACM} Press},
}
% Datatracker information for RFCs on the Legacy Stream is unfortunately often
% incorrect. Please correct the bibtex below based on the information in the
% actual RFC at https://rfc-editor.org/rfc/rfc707.txt

@Manual{LearnGraphQL_Identification,
  author  = {{Facebook, Inc}},
  title   = {Global Object Identification | GraphQL},
  note    = {[Online]},
  url     = {https://graphql.org/learn/global-object-identification/},
  urldate = {2020-09-15},
}

@TechReport{Lewis1982,
  author      = {Clayton Lewis},
  date        = {1982},
  institution = {IBM},
  title       = {Using the Thinking Aloud Method in Cognitive Interface Design},
}

@Book{Lidwell2010,
  author    = {William Lidwell and Kritina Holden and Jill Butler},
  date      = {2010},
  title     = {Universal Principles of Design},
  location  = {Beverly, MA},
  publisher = {Rockport Publishers},
}

@Book{Loosley1998,
  author    = {Chris Loosley and Frank Douglas},
  date      = {1998},
  title     = {High-Performance Client/Server},
  location  = {New York},
  publisher = {Wiley},
}

@InProceedings{Michela2020,
  author    = {Ryan Michela},
  booktitle = {gRPC Conf 2020},
  date      = {2020-07-28},
  title     = {Stop Breaking the Proto!},
  note      = {[Konferenzbeitrag]},
  subtitle  = {Designing for Change in an Microservices World},
}

@InProceedings{Mitra2013,
  author    = {Ronnie Mitra},
  booktitle = {Nordic APIs},
  date      = {2013-09-18},
  title     = {Developers are People Too! Building a DX based API Strategy},
  location  = {Stockholm},
  note      = {[Konferenzbeitrag]},
}

@InProceedings{Mitra2015,
  author    = {Ronnie Mitra},
  booktitle = {Nordic APIs},
  date      = {2015-05-11},
  title     = {A Simpler Time: Balancing Simplicity and Complexity},
  location  = {Kopenhagen},
  note      = {[Konferenzbeitrag]},
}

@Article{Myers2016,
  author    = {Brad A. Myers and Jeffrey Stylos},
  title     = {Improving {API} Usability},
  number    = {6},
  pages     = {62--69},
  volume    = {59},
  journal   = {Communications of the {ACM}},
  month     = {05},
  publisher = {Association for Computing Machinery ({ACM})},
  year      = {2016},
}

@InProceedings{Nielsen1990,
  author    = {Jakob Nielsen and Rolf Molich},
  booktitle = {Proceedings of the {SIGCHI} conference on Human factors in computing systems Empowering people - {CHI} {\textquotesingle}90},
  date      = {1990},
  title     = {Heuristic Evaluation of User Interfaces},
  publisher = {{ACM} Press},
}

@Book{Nielsen1994,
  author    = {Jakob Nielsen},
  date      = {1994},
  title     = {Usability Engineering},
  location  = {San Francisco, CA},
  publisher = {Morgan Kaufmann},
}

@Book{Nielsen1994a,
  author    = {Jakob Nielsen},
  date      = {1994},
  title     = {Usability inspection methods},
  location  = {New York},
  publisher = {Wiley},
}

@Book{Norman2011,
  author    = {Donald Norman},
  date      = {2011},
  title     = {Living with complexity},
  location  = {Cambridge, MA},
  publisher = {MIT Press},
}

@TechReport{Nottingham2017,
  author      = {Mark Nottingham},
  date        = {2017-02-15},
  institution = {IETF Secretariat},
  title       = {Home Documents for HTTP APIs},
  number      = {draft-nottingham-json-home-06},
  type        = {Internet-Draft},
}

@Online{Nottingham2019,
  author  = {Mark Nottingham},
  date    = {2019-10-13},
  title   = {How Multiplexing Changes Your HTTP APIs},
  url     = {https://www.mnot.net/blog/2019/10/13/h2_api_multiplexing},
  note    = {[Online]},
  urldate = {2020-07-27},
}

@Article{Polson1992,
  author    = {Peter G. Polson and Clayton Lewis and John Rieman and Cathleen Wharton},
  title     = {Cognitive walkthroughs: a method for theory-based evaluation of user interfaces},
  number    = {5},
  pages     = {741--773},
  volume    = {36},
  journal   = {International Journal of Man-Machine Studies},
  month     = {5},
  publisher = {Elsevier {BV}},
  year      = {1992},
}

@Book{Porcello2018,
  author    = {Eve Porcello and Alex Banks},
  date      = {2018},
  title     = {Learning GraphQL},
  location  = {Sebastopol, CA},
  publisher = {O'Reilly},
}

@TechReport{RFC2046,
  author      = {Ned Freed and Nathaniel S. Borenstein},
  date        = {1996-11},
  institution = {IETF Secretariat},
  title       = {{Multipurpose Internet Mail Extensions (MIME) Part Two: Media Types}},
  number      = {2046},
  type        = {RFC},
  publisher   = {RFC Editor},
  series      = {Request for Comments},
}

@TechReport{RFC2854,
  author      = {Larry M. Masinter and Daniel W. Connolly},
  date        = {2000-01},
  institution = {IETF Secretariat},
  title       = {{The 'text/html' Media Type}},
  number      = {2854},
  type        = {RFC},
  publisher   = {RFC Editor},
  series      = {Request for Comments},
}

@TechReport{RFC3986,
  author      = {Tim Berners-Lee and Roy T. Fielding and Larry M. Masinter},
  date        = {2005-01},
  institution = {IETF Secretariat},
  title       = {{Uniform Resource Identifier (URI): Generic Syntax}},
  number      = {3986},
  type        = {RFC},
  publisher   = {RFC Editor},
  series      = {Request for Comments},
}

@TechReport{RFC5531,
  author      = {Robert Thurlow},
  date        = {2009-05},
  institution = {IETF Secretariat},
  title       = {{RPC: Remote Procedure Call Protocol Specification Version 2}},
  number      = {5531},
  type        = {RFC},
  publisher   = {RFC Editor},
  series      = {Request for Comments},
}

@TechReport{RFC6906,
  author      = {Erik Wilde},
  date        = {2013-03},
  institution = {IETF Secretariat},
  title       = {{The 'profile' Link Relation Type}},
  number      = {6906},
  type        = {RFC},
  publisher   = {RFC Editor},
  series      = {Request for Comments},
}

@TechReport{RFC707,
  author      = {James E. White},
  date        = {1976-01-14},
  institution = {IETF Secretariat},
  title       = {{High-level framework for network-based resource sharing}},
  number      = {707},
  type        = {RFC},
  publisher   = {RFC Editor},
  series      = {Request for Comments},
}

@TechReport{RFC7231,
  author      = {Roy T. Fielding and Julian Reschke},
  date        = {2014-06},
  institution = {IETF Secretariat},
  title       = {{Hypertext Transfer Protocol (HTTP/1.1): Semantics and Content}},
  number      = {7231},
  type        = {RFC},
  publisher   = {RFC Editor},
  series      = {Request for Comments},
}

@TechReport{RFC7807,
  author      = {Mark Nottingham and Erik Wilde},
  date        = {2016-03},
  institution = {IETF Secretariat},
  title       = {{Problem Details for HTTP APIs}},
  number      = {7807},
  type        = {RFC},
  publisher   = {RFC Editor},
  series      = {Request for Comments},
}

@TechReport{RFC8259,
  author      = {Tim Bray},
  date        = {2017-12},
  institution = {IETF Secretariat},
  title       = {{The JavaScript Object Notation (JSON) Data Interchange Format}},
  number      = {8259},
  type        = {RFC},
  publisher   = {RFC Editor},
  series      = {Request for Comments},
}

@TechReport{RFC8288,
  author      = {Mark Nottingham},
  date        = {2017-10},
  institution = {IETF Secretariat},
  title       = {{Web Linking}},
  number      = {8288},
  type        = {RFC},
  publisher   = {RFC Editor},
  series      = {Request for Comments},
}

@Book{Richardson2013,
  author    = {Leonard Richardson and Mike Amundsen},
  date      = {2013},
  title     = {RESTful Web APIs},
  location  = {Sebastopol, CA},
  publisher = {O'Reilly},
}

@InProceedings{Rowe1998,
  author    = {David Rowe and John Leaney and David Lowe},
  booktitle = {International Conference and Workshop:Engineering of Computer-Based Systems (ECBS)},
  title     = {Defining systems evolvability - a taxonomy of change},
  year      = {1998},
}

@Book{Saffer2010,
  author    = {Dan Saffer},
  date      = {2010},
  title     = {Designing for Interaction: Creating Innovative Applications and Devices},
  edition   = {2},
  location  = {Berkeley, CA},
  publisher = {New Riders},
}

@Article{Scheller2015,
  author    = {Thomas Scheller and Eva Kühn},
  date      = {2015-05},
  title     = {Automated Measurement of {API} usability: The {API} Concepts Framework},
  pages     = {145--162},
  volume    = {61},
  journal   = {Information and Software Technology},
  publisher = {Elsevier {BV}},
}

@InProceedings{Seabra2019,
  author    = {Matheus Seabra and Marcos Felipe Naz{\'{a}}rio and Gustavo Pinto},
  booktitle = {Proceedings of the {XIII} Brazilian Symposium on Software Components, Architectures, and Reuse - {SBCARS} {\textquotesingle}19},
  title     = {{REST} or {GraphQL}?},
  doi       = {10.1145/3357141.3357149},
  publisher = {{ACM} Press},
  year      = {2019},
}

@InProceedings{Shirhatti2020,
  author    = {Sourabh Shirhatti and John Luo},
  booktitle = {gRPC Conf 2020},
  date      = {2020-07-27},
  title     = {Lessons Learned in Building a gRPC Implementation for .NET Core},
  note      = {[Konferenzbeitrag]},
}

@InProceedings{Souza2009,
  author    = {Cleidson R. B. de Souza and David L. M. Bentolila},
  booktitle = {2009 31st International Conference on Software Engineering - Companion Volume},
  title     = {Automatic evaluation of {API} usability using complexity metrics and visualizations},
  doi       = {10.1109/icse-companion.2009.5071006},
  publisher = {{IEEE}},
  month     = {5},
  year      = {2009},
}

@Book{Tidwell2011,
  author    = {Jenifer Tidwell},
  date      = {2011},
  title     = {Designing Interfaces: Patterns for Effective Interaction Design},
  location  = {Sebastopol, CA},
  publisher = {O'Reilly},
}

@Book{Tilkov2015,
  author    = {Stefan Tilkov and Martin Eigenbrodt and Silvia Schreier and Oliver Wolf},
  date      = {2015},
  title     = {REST und HTTP},
  edition   = {3},
  location  = {Heidelberg},
  publisher = {dpunkt.Verlag},
}

@Article{Tsaur1998,
  author       = {Woei-Jiunn Tsaur and Shi-Jinn Horng},
  date         = {1998-07},
  journaltitle = {Information and Software Technology},
  title        = {A new generalized software complexity metric for distributed programs},
  number       = {5-6},
  pages        = {259--269},
  volume       = {40},
  publisher    = {Elsevier {BV}},
}

@Online{Vasilakis2017,
  author = {Filippos Vasilakis},
  date   = {2017-09-10},
  title  = {Introspected REST: An alternative to REST and GraphQL},
  url    = {https://introspected.rest/},
  note   = {[Online]},
}

@Online{Vasilakis2017a,
  author  = {Filippos Vasilakis},
  date    = {2017-11-23},
  title   = {MicroTypes: Let's break down the monoliths of content negotiation},
  url     = {http://microtypes.info/},
  note    = {[Online]},
  urldate = {2020-06-22},
}

@Article{Verborgh2018,
  author    = {Ruben Verborgh and Michel Dumontier},
  title     = {A Web {API} Ecosystem through Feature-Based Reuse},
  number    = {3},
  pages     = {29--37},
  volume    = {22},
  journal   = {{IEEE} Internet Computing},
  month     = {5},
  publisher = {Institute of Electrical and Electronics Engineers ({IEEE})},
  year      = {2018},
}

@Book{Voss2019,
  author    = {Rödiger Voss},
  date      = {2019},
  title     = {Wissenschaftliches Arbeiten},
  edition   = {6},
  location  = {München},
  publisher = {UVK Verlag},
}

@TechReport{Waldo1994,
  author      = {Jim Waldo and Geoff Wyant and Ann Wollrath and Sam Kendall},
  date        = {1994-11},
  institution = {Sun Microsystems Laboratories, Inc.},
  title       = {A Note on Distributed Computing},
}

@Report{WebArch,
  author      = {Tim Berners-Lee and Tim Bray and Dan Connolly and Paul Cotton and Roy Fielding and Mario Jeckle and Chris Lilley and Noah Mendelsohn and David Orchard and Norman Walsh and Stuart Williams},
  date        = {2004-12-15},
  institution = {W3C},
  title       = {Architecture of the World Wide Web, Volume One},
}

@Book{Webber2010,
  author    = {Jim Webber and Savas Parastatidis and Ian Robinson},
  date      = {2010},
  title     = {REST in Practice},
  location  = {Sebastopol, CA},
  publisher = {O'Reilly},
}

@Misc{Wiki:WebAPI,
  author  = {{Wikipedia Contributors}},
  title   = {Web API -- {Wikipedia}{,} The Free Encyclopedia},
  note    = {[Online]},
  url     = {https://en.wikipedia.org/w/index.php?title=Web_API&oldid=974803869},
  urldate = {2020-09-11},
  year    = {2020},
}

@InProceedings{Wilde2018,
  author    = {Erik Wilde},
  booktitle = {Companion of the The Web Conference 2018 on The Web Conference 2018 - {WWW} {\textquotesingle}18},
  title     = {Surfing the {API} Web},
  doi       = {10.1145/3184558.3188743},
  publisher = {{ACM} Press},
  year      = {2018},
}

@InProceedings{Williams1998,
  author    = {Lloyd G. Williams and Connie U. Smith},
  booktitle = {Proceedings of the first international workshop on Software and performance - {WOSP} {\textquotesingle}98},
  title     = {Performance evaluation of software architectures},
  doi       = {10.1145/287318.287353},
  publisher = {{ACM} Press},
  year      = {1998},
}

@Book{Wohlin2012,
  author    = {Claes Wohlin and Per Runeson and Martin Höst and Magnus C. Ohlsson and Björn Regnell and Anders Wesslén},
  date      = {2012},
  title     = {Experimentation in Software Engineering},
  location  = {Heidelberg},
  publisher = {Springer-Verlag},
}

@InProceedings{Xavier2017,
  author    = {Laerte Xavier and Aline Brito and Andre Hora and Marco Tulio Valente},
  booktitle = {2017 {IEEE} 24th International Conference on Software Analysis, Evolution and Reengineering ({SANER})},
  title     = {Historical and Impact Analysis of {API} Breaking Changes: A Large-Scale Study},
  doi       = {10.1109/saner.2017.7884616},
  publisher = {{IEEE}},
  month     = {2},
  year      = {2017},
}

@Article{Zibran2008,
  author  = {Minhaz Fahim Zibran},
  title   = {What Makes APIs Difficult to Use},
  number  = {4},
  volume  = {8},
  journal = {International Journal of Computer Science and Network Security},
  month   = {4},
  year    = {2008},
}

@TechReport{RFC6570,
  author      = {Roy T. Fielding and Mark Nottingham and David Orchard and Joe Gregorio and Marc Hadley},
  date        = {2012-03},
  institution = {IETF Secretariat},
  title       = {{URI Template}},
  number      = {6570},
  type        = {RFC},
  publisher   = {RFC Editor},
  series      = {Request for Comments},
}

@Online{Plotnicki2015,
  author       = {Lukasz Plotnicki},
  date         = {2015-12-05},
  title        = {BFF @ SoundCloud},
  url          = {https://www.thoughtworks.com/insights/blog/bff-soundcloud},
  note         = {[Online]},
  organization = {ThoughtWorks, Inc.},
  urldate      = {2020-09-12},
  number       = {14},
}

@Online{Giroux2019,
  author  = {Marc-André Giroux},
  date    = {2019-03-01},
  title   = {Where we Come From: An Honest Introduction to GraphQL},
  url     = {https://medium.com/@__xuorig__/where-we-come-from-an-honest-introduction-to-graphql-4a2ef6124488},
  note    = {[Online]},
  urldate = {2020-09-12},
}

@InProceedings{Richardson2008,
  author    = {Leonard Richardson},
  booktitle = {QCon San Francisco 2008},
  date      = {2008-11-20},
  title     = {Justice Will Take Us Millions Of Intricate Moves},
  note      = {[Konferenzbeitrag]},
}

@Report{HypeCycle,
  institution = {Gartner Inc.},
  title       = {Gartner Hype Cycle},
  note        = {[Online]},
  url         = {https://www.gartner.com/en/research/methodologies/gartner-hype-cycle},
  urldate     = {2020-09-14},
}

@Online{Fowler2006,
  author  = {Martin Fowler},
  date    = {2006-12-14},
  title   = {SemanticDiffusion},
  url     = {https://www.martinfowler.com/bliki/SemanticDiffusion.html},
  note    = {[Online]},
  urldate = {2020-09-14},
}

@TechReport{Vazac2020,
  author      = {Charles Vazac and Ilya Grigorik},
  date        = {2020-07-28},
  institution = {W3C},
  title       = {Server Timing},
  type        = {{W3C} Working Draft},
}

@Article{MosqueiraRey2018,
  author       = {Eduardo Mosqueira-Rey and David Alonso-R{\'{\i}}os and Vicente Moret-Bonillo and Isaac Fern{\'{a}}ndez-Varela and Diego {\'{A}}lvarez-Est{\'{e}}vez},
  date         = {2018-05},
  journaltitle = {Information and Software Technology},
  title        = {A Systematic Approach to {API} Usability: Taxonomy-derived Criteria and a Case Study},
  pages        = {46--63},
  volume       = {97},
}

@PhdThesis{Lilienthal2008,
  author      = {Carola Lilienthal},
  date        = {2008-07},
  institution = {Universität Hamburg, Fachbereich Informatik},
  title       = {Komplexität von Softwarearchitekturen},
}

@InProceedings{Piccioni2013,
  author    = {Marco Piccioni and Carlo A. Furia and Bertrand Meyer},
  booktitle = {2013 {ACM} / {IEEE} International Symposium on Empirical Software Engineering and Measurement},
  date      = {2013-10},
  title     = {An Empirical Study of {API} Usability},
  publisher = {{IEEE}},
}

@Article{Robillard2009,
  author       = {Martin P. Robillard},
  date         = {2009-11},
  journaltitle = {{IEEE} Software},
  title        = {What Makes {APIs} Hard to Learn? Answers from Developers},
  number       = {6},
  pages        = {27--34},
  volume       = {26},
}

@TechReport{Kelly2016,
  author      = {Mike Kelly},
  date        = {2016-05-11},
  institution = {IETF Secretariat},
  title       = {JSON Hypertext Application Language},
  number      = {draft-kelly-json-hal-08},
  type        = {Internet-Draft},
}

@Manual{ApacheServer_Conneg,
  author  = {{Apache Software Foundation}},
  title   = {Content Negotiation},
  note    = {[Online]},
  url     = {https://httpd.apache.org/docs/2.4/content-negotiation.html},
  urldate = {2020-09-15},
}

@Comment{jabref-meta: databaseType:biblatex;}
