% Encoding: UTF-8

@book{Block2014,
  author    = {Glenn Block and Pablo Cibraro and Pedro Felix and Howard Dierking and Darrel Miller},
  publisher = {O'Reilly},
  title     = {Designing Evolvable Web {APIs} with {ASP.NET}},
  date      = {2014},
  location  = {Sebastopol, CA}
}

@inproceedings{Breivold2007,
  author    = {Hongyu Pei Breivold and Ivica Crnkovic and Peter Eriksson},
  booktitle = {Proceedings of the 7th Conference on Software Engineering Research and Practice in Sweden},
  date      = {2007-02},
  title     = {Evaluating Software Evolvability},
  editor    = {Thomas Arts},
  location  = {GÃ¶teborg, Sweden},
  pages     = {96-103}
}

@inproceedings{Drotbohm2019,
  author    = {Oliver Drotbohm},
  booktitle = {GOTO Amsterdam 2019},
  date      = {2019-06-19},
  title     = {REST beyond the Obvious},
  location  = {Amsterdam},
  note      = {[Conference Talk]},
  publisher = {GOTO Conferences},
  url       = {https://gotoams.nl/2019/sessions/802/rest-beyond-the-obvious-api-design-for-ever-evolving-systems}
}

@phdthesis{Fielding2000,
  author      = {Roy T. Fielding and Richard N. Taylor},
  date        = {2000},
  institution = {University of California, Irvine},
  title       = {Architectural Styles and the Design of Network-Based Software Architectures},
  location    = {Irvine},
  publisher   = {University of California, Irvine}
}

@online{Fielding2008,
  author  = {Roy T. Fielding},
  date    = {2008-10-20},
  note    = {[Online]},
  title   = {{REST} {APIs} must be hypertext-driven},
  url     = {https://roy.gbiv.com/untangled/2008/rest-apis-must-be-hypertext-driven},
  urldate = {2021-02-12},
  note    = {[Online]}
}

@book{Jacobson2011,
  author    = {Daniel Jacobson and Greg Brail and Dan Woods},
  date      = {2011},
  title     = {APIs: A Strategy Guide},
  location  = {Sebastopol, CA},
  publisher = {O'Reilly}
}

@inproceedings{Kock2009,
  author    = {Estelle de Kock and Judy van Biljon and Marco Pretorius},
  booktitle = {Proceedings of the 2009 Annual Research Conference of the South African Institute of Computer Scientists and Information Technologists on - {SAICSIT} {\textquotesingle}09},
  date      = {2009},
  title     = {Usability evaluation methods: Mind the gaps},
  publisher = {{ACM} Press}
}

@book{Lauret2019,
  author    = {Arnaud Lauret},
  date      = {2019},
  title     = {The Design of Web APIs},
  location  = {Shelter Island, NY},
  publisher = {Manning}
}

@inproceedings{Law2004,
  author    = {Effie Lai-Chong Law and Ebba Thora Hvannberg},
  booktitle = {Proceedings of the third Nordic conference on Human-computer interaction - {NordiCHI} {\textquotesingle}04},
  date      = {2004},
  title     = {Analysis of Strategies for Improving and Estimating the Effectiveness of Heuristic Evaluation},
  publisher = {{ACM} Press}
}

@inproceedings{Mitra2013,
  author    = {Ronnie Mitra},
  booktitle = {Nordic APIs},
  date      = {2013-09-18},
  title     = {Developers are People Too! Building a DX based API Strategy},
  location  = {Stockholm},
  note      = {[Conference Talk]}
}

@inproceedings{Nielsen1990,
  author    = {Jakob Nielsen and Rolf Molich},
  booktitle = {Proceedings of the {SIGCHI} conference on Human factors in computing systems Empowering people - {CHI} {\textquotesingle}90},
  date      = {1990},
  title     = {Heuristic Evaluation of User Interfaces},
  publisher = {{ACM} Press}
}

@inproceedings{Richardson2008,
  author    = {Leonard Richardson},
  booktitle = {QCon San Francisco 2008},
  title     = {Justice Will Take Us Millions Of Intricate Moves},
  note      = {[Conference Talk]},
  date      = {2008-11-20}
}

@inproceedings{Vasilakis2017,
  author = {Filippos Vasilakis},
  date   = {2017-09-10},
  title  = {{Introspected REST}: An alternative to {REST} and {GraphQL}},
  note   = {[Online]},
  url    = {https://introspected.rest/},
  urldate = {2021-02-08}
}

@online{Vasilakis2017a,
  author  = {Filippos Vasilakis},
  date    = {2017-11-23},
  title   = {MicroTypes: Let's break down the monoliths of content negotiation},
  note    = {[Online]},
  url     = {http://web.archive.org/web/20201001115958/http://microtypes.info/},
  urldate = {2021-02-15}
}

@Comment{jabref-meta: databaseType:bibtex;}
